@misc{SAL,
    title = "Syntax Across Languages",
    author = "Pixel",
    howpublished = "\url{https://rigaux.org}",
    year = 2008,
    note = "Accessed: 2020-04-20",
}
